% NEWLINE FORMATTING: https://tex.stackexchange.com/questions/102858/url-in-new-line-bibtex

% ONLINE PAGES:

@online{AI_OED,
  title  = {artificial intelligence, n.},
  author = {{Oxford English Dictionary}},
  url    = {https://www.oed.com/viewdictionaryentry/Entry/271625}
}

@online{ML_IBM,
  title  = {What Is Machine Learning?},
  author = {{IBM Cloud Education}},
  url    = {https://www.ibm.com/cloud/learn/machine-learning}
}

@online{NN_IBM,
  title  = {What Are Neural Networks?},
  author = {{IBM Cloud Education}},
  url    = {https://www.ibm.com/cloud/learn/neural-networks}
}

@online{sqlite_fs,
  author = {{SQLite authors}},
  title  = {35\% Faster Than The Filesystem},
  url    = {https://www.sqlite.org/fasterthanfs.html}
}

@online{Markov,
  title  = {Markov Chains},
  author = {H. Maltby and W. Pakornrat and J. Jackson and A. Hernandez and C. Williams and C. Lin and J. Khim},
  url    = {https://brilliant.org/wiki/markov-chains}
}

@online{CQRS,
  title  = {Clarified CQRS},
  author = {U. Dahan},
  url    = {https://udidahan.com/2009/12/09/clarified-cqrs}
}

@online{MIDI_notes,
  author = {{Inspired Acoustics}},
  title  = {MIDI note numbers and center frequencies},
  url    = {https://www.inspiredacoustics.com/en/MIDI_note_numbers_and_center_frequencies}
}

@online{MIDI_kunst,
  author = {{kunstderfuge.com authors}},
  title  = {Large collection of Classical MIDI of Bach's music},
  url    = {https://www.kunstderfuge.com/bach.htm}
}

@online{MIDI_Dave,
  author = {{D. J.} Grossman},
  title  = {Dave's J.S. Bach Page},
  url    = {http://www.jsbach.net/midi/index.html}
}

@online{MIDI_central,
  author = {B. Travis},
  title  = {A Johann Sebastian Bach Midi Page},
  url    = {https://www.bachcentral.com/midiindexcomplete.html}
}

@online{musenet,
  author = {Payne, C.},
  title  = {OpenAI. MuseNet},
  url    = {https://openai.com/blog/musenet/}
}

@online{Forsgren_Martiros_2022,
  author = {Forsgren, S. and Martiros, H.},
  title  = {Riffusion - Stable diffusion for real-time music generation},
  url    = {https://riffusion.com/about}
}

% BOOKS AND BOOKLETS:

@book{MarkovChain,
  title     = {Markov Chains: Theory and Applications},
  author    = {{D. L.} Isaacson and {R. W.} Madsen},
  publisher = {Wiley},
  year      = 1976,
  month     = 3
}

@book{Bach_dict,
  title     = {Oxford Composer Companion: J.S. Bach},
  author    = {M. Boyd},
  publisher = {Oxford University Press},
  pages     = {369-–372},
  year      = 1999,
  month     = 6
}

@booklet{MIDI1_spec,
  author = {{MIDI Manufacturers Association} and {Japan MIDI Standards Committee}},
  title  = {MIDI 1.0 Detailed Specification},
  month  = 2,
  year   = 1996,
  url    = {https://www.midi.org/specifications/midi1-specifications}
}

@booklet{MIDI1_file,
  author = {{MIDI Manufacturers Association}},
  title  = {Standard MIDI Files 1.0},
  month  = 2,
  year   = 1996,
  url    = {https://www.midi.org/specifications/file-format-specifications/standard-midi-files}
}

@booklet{MIDI2,
  author = {{MIDI Manufacturers Association} and {Association of Musical Electronics Industry}},
  title  = {MIDI 2.0 Specification Overview},
  month  = 2,
  year   = 2020,
  url    = {https://www.midi.org/specifications/midi-2-0-specifications/midi2-core}
}

% ARTICLES:

@article{LSTM,
  author  = {S. Hochreiter and J. Schmidhuber},
  year    = 1997,
  month   = 12,
  pages   = {1735--1780},
  title   = {Long Short-Term Memory},
  volume  = {9},
  journal = {Neural computation},
  doi     = {10.1162/neco.1997.9.8.1735}
}

@article{CNN,
  title   = {Application of the residue number system to reduce hardware costs of the convolutional neural network implementation},
  journal = {Mathematics and Computers in Simulation},
  volume  = {177},
  pages   = {232--243},
  year    = 2020,
  month   = 5,
  doi     = {10.1016/j.matcom.2020.04.031},
  author  = {{M. V.} Valueva and {N. N.} Nagornov and {P. A.} Lyakhov and {G. V.} Valuev and {N. I.} Chervyakov}
}

@article{GAN_SOTA,
  author  = {Wang, K. and Gou, C. and Duan, {Y. J.} and Yilun, L. and Zheng, X.},
  year    = 2017,
  month   = 3,
  pages   = {321--332},
  title   = {Generative Adversarial Networks: The State of the Art and Beyond},
  volume  = {43},
  journal = {Acta Automatica Sinica},
  doi     = {10.16383/j.aas.2017.y000003}
}

@article{MIDI_history,
  author  = {J. Chadabe},
  title   = {Part IV: The Seeds of the Future},
  year    = 2000,
  month   = 5,
  volume  = {16},
  journal = {Electronic Musician},
  url     = {https://web.archive.org/web/20120928230435/http://www.emusician.com/gear/0769/the-electronic-century-part-iv-the-seeds-of-the-future/145415}
}

% PROCEEDINGS:

@inproceedings{Li_2019,
  author    = {T. Li and M. Choi and K. Fu and L. Lin},
  title     = {Music Sequence Prediction with Mixture Hidden Markov Models},
  booktitle = {2019 IEEE International Conference on Big Data (Big Data)},
  doi       = {10.1109/bigdata47090.2019.9005695},
  pages     = {6128--6132},
  year      = 2019,
  month     = 12,
  publisher = {IEEE}
}

@inproceedings{lstm_arxiv,
  doi       = {10.48550/ARXIV.2203.12105},
  author    = {Conner, M. and Gral, L. and Adams, K. and Hunger, D. and Strelow, R. and Neuwirth, A.},
  title     = {Music Generation Using an LSTM},
  booktitle = {MICS 2022},
  pages     = {178-188},
  year      = 2022,
  month     = 3,
  publisher = {MICS}
}

% MISCELLANEOUS:

@misc{Mobius,
  title     = {Surface Topology in Bach Canons, I: The Möbius Strip},
  year      = 2016,
  month     = 10,
  author    = {T. Philips},
  journal   = {Feature Column},
  publisher = {American Mathematical Society},
  url       = {http://www.ams.org/publicoutreach/feature-column/fc-2016-10}
}

@misc{Bach,
  author    = {J. Shafer},
  year      = 2010,
  month     = 3,
  title     = {The two-part and three-part inventions of Bach: a mathematical analysis},
  publisher = {East Texas Baptist University},
  url       = {https://www.etbu.edu/admissions/apply/honors-program/honors-program-forms-archives}
}

@misc{GAN_arxiv,
  doi       = {10.48550/ARXIV.1406.2661},
  author    = {Goodfellow, {I. J.} and Pouget-Abadie, J. and Mirza, M. and Xu, B. and Warde-Farley, D. and Ozair, S. and Courville, A. and Bengio, Y.},
  title     = {Generative Adversarial Networks},
  publisher = {arXiv},
  year      = 2014,
  month     = 6
}

@misc{MIDI_dirty,
  author    = {Kong, Q. and Li, B. and Chen, J. and Wang, Y.},
  year      = 2020,
  month     = 10,
  title     = {GiantMIDI-Piano: A large-scale MIDI dataset for classical piano music},
  doi       = {10.48550/arXiv.2010.07061},
  publisher = {arXiv}
}
