% NEWLINE FORMATTING: https://tex.stackexchange.com/questions/102858/url-in-new-line-bibtex

@online{AI_OED,
  title  = {artificial intelligence, n.},
  author = {Oxford English Dictionary},
  url    = {https://www.oed.com/viewdictionaryentry/Entry/271625}
}

@online{ML_IBM,
  title  = {What Is Machine Learning?},
  author = {IBM Cloud Education},
  url    = {https://www.ibm.com/cloud/learn/machine-learning}
}

@online{NN_IBM,
  title  = {What Are Neural Networks?},
  author = {IBM Cloud Education},
  url    = {https://www.ibm.com/cloud/learn/neural-networks}
}

@article{LSTM,
  author  = {Hochreiter, Sepp and Schmidhuber, JÃ¼rgen},
  year    = {1997},
  month   = {12},
  pages   = {1735-80},
  title   = {Long Short-term Memory},
  volume  = {9},
  journal = {Neural computation},
  doi     = {10.1162/neco.1997.9.8.1735}
}

@article{CNN,
  title    = {Application of the residue number system to reduce hardware costs of the convolutional neural network implementation},
  journal  = {Mathematics and Computers in Simulation},
  volume   = {177},
  pages    = {232-243},
  year     = {2020},
  issn     = {0378-4754},
  doi      = {https://doi.org/10.1016/j.matcom.2020.04.031},
  url      = {https://www.sciencedirect.com/science/article/pii/S0378475420301580},
  author   = {M.V. Valueva and N.N. Nagornov and P.A. Lyakhov and G.V. Valuev and N.I. Chervyakov},
  keywords = {Image processing, Convolutional neural networks, Residue number system, Quantization noise, Field-programmable gate array (FPGA).}
}

@online{Markov,
  title  = {Markov Chains},
  author = {{H. Maltby, W. Pakornrat, J. Jackson, A. Hernandez, C. Williams, C. Lin, J. Khim}},
  url    = {https://brilliant.org/wiki/markov-chains/}
}
