@online{CQRS,
  title  = {Clarified CQRS},
  author = {{Udi Dahan}},
  url    = {https://udidahan.com/2009/12/09/clarified-cqrs/}
}
