% NEWLINE FORMATTING: https://tex.stackexchange.com/questions/102858/url-in-new-line-bibtex

@online{AI_OED,
  title  = {artificial intelligence, n.},
  author = {Oxford English Dictionary},
  url    = {https://www.oed.com/viewdictionaryentry/Entry/271625}
}

@online{ML_IBM,
  title  = {What Is Machine Learning?},
  author = {IBM Cloud Education},
  url    = {https://www.ibm.com/cloud/learn/machine-learning}
}

@online{NN_IBM,
  title  = {What Are Neural Networks?},
  author = {IBM Cloud Education},
  url    = {https://www.ibm.com/cloud/learn/neural-networks}
}

@article{LSTM,
  author  = {Hochreiter, Sepp and Schmidhuber, Jürgen},
  year    = {1997},
  month   = {12},
  pages   = {1735-80},
  title   = {Long Short-term Memory},
  volume  = {9},
  journal = {Neural computation},
  doi     = {10.1162/neco.1997.9.8.1735}
}

@article{CNN,
  title    = {Application of the residue number system to reduce hardware costs of the convolutional neural network implementation},
  journal  = {Mathematics and Computers in Simulation},
  volume   = {177},
  pages    = {232-243},
  year     = {2020},
  issn     = {0378-4754},
  doi      = {https://doi.org/10.1016/j.matcom.2020.04.031},
  url      = {https://www.sciencedirect.com/science/article/pii/S0378475420301580},
  author   = {M.V. Valueva and N.N. Nagornov and P.A. Lyakhov and G.V. Valuev and N.I. Chervyakov},
  keywords = {Image processing, Convolutional neural networks, Residue number system, Quantization noise, Field-programmable gate array (FPGA).}
}

@online{Markov,
  title  = {Markov Chains},
  author = {{H. Maltby, W. Pakornrat, J. Jackson, A. Hernandez, C. Williams, C. Lin, J. Khim}},
  url    = {https://brilliant.org/wiki/markov-chains/}
}

@online{Mobius,
  title  = {Surface Topology in Bach Canons, I: The Möbius Strip},
  author = {{T. Philips, E. Artschuler}},
  url    = {https://plus.maths.org/content/topology-music-m-bius-strip}
}

@online{CQRS,
  title  = {Clarified CQRS},
  author = {{Udi Dahan}},
  url    = {https://udidahan.com/2009/12/09/clarified-cqrs/}
}

@inproceedings{Li_2019,
  doi       = {10.1109/bigdata47090.2019.9005695},
  url       = {https://doi.org/10.1109%2Fbigdata47090.2019.9005695},
  year      = 2019,
  month     = dec,
  publisher = {{IEEE}},
  author    = {Tao Li and Minsoo Choi and Kaiming Fu and Lei Lin},
  title     = {Music Sequence Prediction with Mixture Hidden Markov Models},
  booktitle = {2019 {IEEE} International Conference on Big Data (Big Data)}
}

@misc{lstm_arxiv,
  doi       = {10.48550/ARXIV.2203.12105},
  url       = {https://arxiv.org/abs/2203.12105},
  author    = {Conner, Michael and Gral, Lucas and Adams, Kevin and Hunger, David and Strelow, Reagan and Neuwirth, Alexander},
  keywords  = {Sound (cs.SD), Artificial Intelligence (cs.AI), Audio and Speech Processing (eess.AS), FOS: Computer and information sciences, FOS: Computer and information sciences, FOS: Electrical engineering, electronic engineering, information engineering, FOS: Electrical engineering, electronic engineering, information engineering},
  title     = {Music Generation Using an LSTM},
  publisher = {arXiv},
  year      = {2022},
  copyright = {Creative Commons Attribution 4.0 International}
}
